@book{Bishop,
 author = {Bishop, Christopher M.},
 title = {Pattern Recognition and Machine Learning (Information Science and Statistics)},
 year = {2006},
 isbn = {0387310738},
 publisher = {Springer-Verlag},
 address = {Berlin, Heidelberg},
}
@article{seeds,
  author = {Charytanowicz, M. and Niewczas, J. and Kulczycki, P. and Kowalski, P.A. and Lukasik, S. and Zak, S.},
  title = {{"}{A} {Complete} {Gradient} {Clustering} {Algorithm} for {Features} {Analysis} of {X-ray} {Images}{"}},
  journal = {Information Technologies in Biomedicine, Ewa Pietka, Jacek Kawa (eds.)}, 
  publisher = {Springer-Verlag},
  address = {Berlin-Heidelberg},
  year = {2010},
}
@misc{GMM_explained,
  author = {Oscar Contreras Carrasco},
  title = {{"}{Gaussian} {Mixture} {Models} {Explained}{"}},
  howpublished = {\url{https://towardsdatascience.com/gaussian-mixture-models-explained-6986aaf5a95}},
}
@misc{GMM_other,
  author = {Daniel Foley},
  title = {{"}{Gaussian} {Mixture} {Modelling} ({GMM}){"}},
  howpublished = {\url{https://towardsdatascience.com/gaussian-mixture-modelling-gmm-833c88587c7f}},
}